<record><leader>00000cas a2200000 a 4500</leader><controlfield tag="001">6384504</controlfield><controlfield tag="008">800603d18uu1900mauwr ne      0    0eng c</controlfield><datafield ind1=" " ind2=" " tag="010"><subfield code="a">sn 91063287 </subfield></datafield><datafield ind1=" " ind2=" " tag="040"><subfield code="a">BTI</subfield><subfield code="b">eng</subfield><subfield code="c">BTI</subfield><subfield code="d">NVH</subfield><subfield code="d">MGN</subfield><subfield code="d">ATL</subfield><subfield code="d">OCLCQ</subfield><subfield code="d">OCLCF</subfield><subfield code="d">OCLCO</subfield></datafield><datafield ind1="1" ind2=" " tag="029"><subfield code="a">AU@</subfield><subfield code="b">000020683805</subfield></datafield><datafield ind1=" " ind2=" " tag="042"><subfield code="a">pcc</subfield></datafield><datafield ind1=" " ind2="4" tag="050"><subfield code="a">BX6101</subfield></datafield><datafield ind1="0" ind2="4" tag="245"><subfield code="a">The World's crisis and second advent messenger.</subfield></datafield><datafield ind1="1" ind2="7" tag="246"><subfield code="a">World's crisis</subfield></datafield><datafield ind1=" " ind2=" " tag="260"><subfield code="a">Boston :</subfield><subfield code="b">Advent Christian Publication Society,</subfield><subfield code="c">-1900.</subfield></datafield><datafield ind1=" " ind2=" " tag="300"><subfield code="a">v.</subfield></datafield><datafield ind1=" " ind2=" " tag="310"><subfield code="a">Weekly</subfield></datafield><datafield ind1="0" ind2=" " tag="362"><subfield code="a">-v. 46, no. 9 (Feb. 28, 1900).</subfield></datafield><datafield ind1=" " ind2=" " tag="515"><subfield code="a">Issues for &lt;Jan. 4, 1871&gt;-Nov. 10, 1880 called also &lt;whole no. 793&gt;-whole no. 1301; for Jan. 1, 1896-Feb. 28, 1900 called also whole no. 2000-whole no. 2215.</subfield></datafield><datafield ind1=" " ind2=" " tag="515"><subfield code="a">Issued in two vol. per year, &lt;1871&gt;-1893; v. for 1889 had 52 issues; no. vol. called v. 70.</subfield></datafield><datafield ind1=" " ind2=" " tag="515"><subfield code="a">Vol. for 1880/1881 called v. 51 and v. 52, but constitutes v. 52; issues for Dec. 16, 1885-Jan. 13, 1886 called v. 42, no. 1-5, but constitute v. 62, no. 1-5; issues for 1896-1900 called v. 42-46, but constitute v. 80-84.</subfield></datafield><datafield ind1=" " ind2=" " tag="525"><subfield code="a">Some issues accompanied by supplements.</subfield></datafield><datafield ind1=" " ind2=" " tag="530"><subfield code="a">Also issued on microfilm by American Theological Library Association.</subfield></datafield><datafield ind1=" " ind2=" " tag="588"><subfield code="a">Description based on: Vol. 20, no. 8 (Nov. 8, 1864).</subfield></datafield><datafield ind1=" " ind2="0" tag="650"><subfield code="a">Adventists</subfield><subfield code="v">Newspapers.</subfield></datafield><datafield ind1=" " ind2="7" tag="655"><subfield code="a">Newspapers.</subfield><subfield code="2">fast</subfield><subfield code="0">(OCoLC)fst01423814</subfield></datafield><datafield ind1=" " ind2="7" tag="650"><subfield code="a">Adventists.</subfield><subfield code="2">fast</subfield><subfield code="0">(OCoLC)fst00797436</subfield></datafield><datafield ind1=" " ind2=" " tag="752"><subfield code="a">United States</subfield><subfield code="b">Massachusetts</subfield><subfield code="c">Suffolk</subfield><subfield code="d">Boston.</subfield></datafield><datafield ind1="1" ind2=" " tag="776"><subfield code="c">Microfilm</subfield><subfield code="d">American Theological Library Association</subfield><subfield code="w">(DLC)   00221978</subfield><subfield code="w">(OCoLC)32105538</subfield></datafield><datafield ind1="0" ind2="0" tag="780"><subfield code="t">World's crisis (Lowell, Mass.)</subfield><subfield code="w">(DLC)sn 85038282</subfield><subfield code="w">(OCoLC)12063307</subfield></datafield><datafield ind1="0" ind2="0" tag="785"><subfield code="t">Advent Christian messenger</subfield><subfield code="w">(DLC)   00221979</subfield><subfield code="w">(OCoLC)6384527</subfield></datafield></record>